<?xml version="1.0" encoding="UTF-8"?><collection xmlns="http://www.loc.gov/MARC21/slim"><record><leader>00541nam--2200181-i-4500</leader><controlfield tag="001">000043014</controlfield><controlfield tag="002">20161230</controlfield><controlfield tag="005">20161230201043</controlfield><controlfield tag="008">060222s1000------------r-----000-0-eng-d</controlfield><datafield ind1=" " ind2=" " tag="040"><subfield code="a">IFIN-HH</subfield></datafield><datafield ind1=" " ind2=" " tag="080"><subfield code="a">512.542.7(082.1)</subfield></datafield><datafield ind1="1" ind2=" " tag="100"><subfield code="a">Kerber, Adalbert</subfield></datafield><datafield ind1="1" ind2="0" tag="245"><subfield code="a">Representations of permutation groups ii</subfield><subfield code="b">Lecture notes in mathematics vol.295</subfield><subfield code="c">Adalbert kerber</subfield></datafield><datafield ind1=" " ind2=" " tag="260"><subfield code="a">Barlin</subfield><subfield code="b">Springer-verlag</subfield><subfield code="c">1975</subfield></datafield><datafield ind1=" " ind2=" " tag="300"><subfield code="a">175P</subfield></datafield><datafield ind1=" " ind2=" " tag="490"><subfield code="a">Lecture Notes In Mathematics</subfield><subfield code="v">Vol.295</subfield></datafield><datafield ind1=" " ind2=" " tag="852"><subfield code="a">39839</subfield><subfield code="c">519.4/5</subfield></datafield><datafield ind1=" " ind2=" " tag="CAT"><subfield code="a">Sys</subfield><subfield code="c">20130813</subfield><subfield code="h">124520</subfield></datafield></record></collection>